<collection xmlns="http://www.loc.gov/MARC21/slim">
<record>
  <leader>01322ncm0a22002651i 450 </leader>
  <controlfield tag="001">IT\ICCU\CNCE\036764</controlfield>
  <controlfield tag="005">20040611000000.0</controlfield>
  <datafield tag="100" ind1=" " ind2=" ">
    <subfield code="a">19980528d1595        0itac0103    ba</subfield>
  </datafield>
  <datafield tag="101" ind1=" " ind2=" ">
    <subfield code="a">ITA</subfield>
  </datafield>
  <datafield tag="102" ind1=" " ind2=" ">
    <subfield code="a">IT</subfield>
  </datafield>
  <datafield tag="200" ind1="1" ind2=" ">
    <subfield code="a">℗Il ℗quinto libro de madrigali a cinque, del cavalliero Paolo Bellasio</subfield>
  </datafield>
  <datafield tag="210" ind1=" " ind2=" ">
    <subfield code="a">In Verona</subfield>
    <subfield code="c">appresso Francesco dalle Donne</subfield>
    <subfield code="d">1595</subfield>
    <subfield code="e">Impressi da me Biagio Zerlij compositore nella stamperia di Francesco dalle Donne</subfield>
    <subfield code="h">1595</subfield>
  </datafield>
  <datafield tag="215" ind1=" " ind2=" ">
    <subfield code="a">5 fasc.</subfield>
    <subfield code="d">8ʻ</subfield>
  </datafield>
  <datafield tag="300" ind1=" " ind2=" ">
    <subfield code="a">S, A, T, B, 5</subfield>
  </datafield>
  <datafield tag="620" ind1=" " ind2=" ">
    <subfield code="a">IT</subfield>
    <subfield code="d">Verona</subfield>
  </datafield>
  <datafield tag="700" ind1=" " ind2="1">
    <subfield code="a">Bellasio,</subfield>
    <subfield code="b">Paolo</subfield>
    <subfield code="3">IT\ICCU\CNCA\010297</subfield>
  </datafield>
  <datafield tag="712" ind1="0" ind2="0">
    <subfield code="a">Dalle_Donne, Francesco</subfield>
    <subfield code="3">IT\ICCU\CNCT\001175</subfield>
    <subfield code="4">650</subfield>
  </datafield>
  <datafield tag="791" ind1="0" ind2="0">
    <subfield code="a">Donnis, Franciscus a</subfield>
    <subfield code="3">IT\ICCU\CNCT\003703</subfield>
    <subfield code="z">Dalle_Donne, Francesco</subfield>
  </datafield>
  <datafield tag="791" ind1="0" ind2="0">
    <subfield code="a">Donne, Francesco dalle</subfield>
    <subfield code="3">IT\ICCU\CNCT\004478</subfield>
    <subfield code="z">Dalle_Donne, Francesco</subfield>
  </datafield>
  <datafield tag="801" ind1=" " ind2="3">
    <subfield code="a">IT</subfield>
    <subfield code="b">ICCU</subfield>
    <subfield code="c">20201114</subfield>
  </datafield>
  <datafield tag="899" ind1=" " ind2=" ">
    <subfield code="a">Biblioteca nazionale Marciana. Venezia</subfield>
    <subfield code="z">(T)</subfield>
    <subfield code="1">VE0049</subfield>
    <subfield code="2">VEA BM</subfield>
  </datafield>
  <datafield tag="899" ind1=" " ind2=" ">
    <subfield code="a">Biblioteca capitolare. Verona</subfield>
    <subfield code="1">VR0056</subfield>
    <subfield code="2">VIA VC</subfield>
  </datafield>
  <datafield tag="899" ind1=" " ind2=" ">
    <subfield code="a">Biblioteca dell&apos;Accademia filarmonica di Verona. Verona</subfield>
    <subfield code="z">(A)</subfield>
    <subfield code="1">VR0070</subfield>
    <subfield code="2">ZVR 03</subfield>
  </datafield>
  <datafield tag="911" ind1=" " ind2=" ">
    <subfield code="a">Sul front.</subfield>
    <subfield code="9">IT\ICCU\CNCM\000602</subfield>
  </datafield>
  <datafield tag="921" ind1=" " ind2=" ">
    <subfield code="a">IT\ICCU\CNCM\000602</subfield>
    <subfield code="b">Tre serpenti intrecciati con le teste sormontate da tre uccelli. In cornice</subfield>
    <subfield code="e">Prudens simplicitas felix.</subfield>
    <subfield code="c">V513</subfield>
    <subfield code="c">Z1057</subfield>
    <subfield code="d">Dimensioni: 6 x 6,4</subfield>
    <subfield code="f">PRUDENSSIM</subfield>
    <subfield code="f">SERPENTI</subfield>
    <subfield code="f">UCCELLI</subfield>
    <subfield code="g">1574-1600</subfield>
  </datafield>
</record>
</collection>
